<?xml version="1.0" encoding="UTF-8"?><collection xmlns="http://www.loc.gov/MARC21/slim"><record><leader>00429nam--2200169-i-4500</leader><controlfield tag="001">000043804</controlfield><controlfield tag="002">20161230</controlfield><controlfield tag="005">20161230201044</controlfield><controlfield tag="008">060222s1000------------r-----000-0-eng-d</controlfield><datafield ind1=" " ind2=" " tag="040"><subfield code="a">IFIN-HH</subfield></datafield><datafield ind1=" " ind2=" " tag="080"><subfield code="a">537.531:620.18</subfield></datafield><datafield ind1="1" ind2=" " tag="100"><subfield code="a">Taylor,A</subfield></datafield><datafield ind1="1" ind2="0" tag="245"><subfield code="a">X-ray metallography</subfield><subfield code="c">A. taylor</subfield></datafield><datafield ind1=" " ind2=" " tag="260"><subfield code="a">New York</subfield><subfield code="b">John Wiley And Sons,Inc</subfield><subfield code="c">1961</subfield></datafield><datafield ind1=" " ind2=" " tag="300"><subfield code="a">VII + 993 P</subfield></datafield><datafield ind1=" " ind2=" " tag="852"><subfield code="a">77303</subfield><subfield code="c">537.531</subfield></datafield><datafield ind1=" " ind2=" " tag="CAT"><subfield code="a">Sys</subfield><subfield code="c">20110810</subfield><subfield code="h">152414</subfield></datafield></record></collection>